@article{Figueroa-OFarrill:2020gpr,
    author = "Figueroa-O'Farrill, Jos\'e",
    title = "{On the intrinsic torsion of spacetime structures}",
    eprint = "2009.01948",
    archivePrefix = "arXiv",
    primaryClass = "hep-th",
    reportNumber = "EMPG-20-14",
    month = "9",
    year = "2020"
}

@article{George-Levy-Nahas,
author = {George,Claude and L\'{e}vy‐Nahas,Monique },
title = {Finite‐Dimensional Representations of Some Non‐Semisimple {L}ie Algebras},
doi = {10.1063/1.1705013},
journal = {Journal of Mathematical Physics},
volume = 7,
number = 6,
pages = {980-988},
year = 1966
}

@article{Hansen:2019pkl,
    author = "Hansen, Dennis and Hartong, Jelle and Obers, Niels A.",
    title = "{Action Principle for Newtonian Gravity}",
    eprint = "1807.04765",
    archivePrefix = "arXiv",
    primaryClass = "hep-th",
    doi = "10.1103/PhysRevLett.122.061106",
    journal = "Phys. Rev. Lett.",
    volume = "122",
    number = "6",
    pages = "061106",
    year = "2019"
}

@article{Hansen:2020pqs,
    author = "Hansen, Dennis and Hartong, Jelle and Obers, Niels A.",
    title = "{Non-Relativistic Gravity and its Coupling to Matter}",
    eprint = "2001.10277",
    archivePrefix = "arXiv",
    primaryClass = "gr-qc",
    doi = "10.1007/JHEP06(2020)145",
    journal = "JHEP",
    volume = "06",
    pages = "145",
    year = "2020"
}

@article{Hartong:2021ekg,
    author = "Hartong, Jelle and Have, Emil",
    title = "{On the Non-Relativistic Expansion of Closed Bosonic Strings}",
    eprint = "2107.00023",
    archivePrefix = "arXiv",
    primaryClass = "hep-th",
    month = "6",
    year = "2021"
}

@article{Bidussi:2021ujm,
    author = "Bidussi, Leo and Harmark, Troels and Hartong, Jelle and Obers, Niels A. and Oling, Gerben",
    title = "{Torsional string Newton-Cartan geometry for non-relativistic strings}",
    eprint = "2107.00642",
    archivePrefix = "arXiv",
    primaryClass = "hep-th",
    reportNumber = "NORDITA 2021-061",
    month = "7",
    year = "2021"
}

@article{DeWitt:1967ub,
    author = "DeWitt, Bryce S.",
    editor = "Hsu, Jong-Ping and Fine, D.",
    title = "{Quantum Theory of Gravity. 2. The Manifestly Covariant Theory}",
    doi = "10.1103/PhysRev.162.1195",
    journal = "Phys. Rev.",
    volume = "162",
    pages = "1195--1239",
    year = "1967"
}

@article{Vanhecke:2017chr,
    author = "Vanhecke, Bram and Van Proeyen, Antoine",
    title = "{Covariant field equations in supergravity}",
    eprint = "1705.06675",
    archivePrefix = "arXiv",
    primaryClass = "hep-th",
    doi = "10.1002/prop.201700071",
    journal = "Fortsch. Phys.",
    volume = "65",
    number = "12",
    pages = "1700071",
    year = "2017"
}

@article{Blair:2021ycc,
    author = "Blair, Chris D. A. and Gallegos, Domingo and Zinnato, Natale",
    title = "{A non-relativistic limit of M-theory and 11-dimensional membrane Newton-Cartan}",
    eprint = "2104.07579",
    archivePrefix = "arXiv",
    primaryClass = "hep-th",
    month = "4",
    year = "2021"
}


@article{Santos:2004pq,
    author = "Santos, E. S. and de Montigny, M. and Khanna, F. C. and Santana, A. E.",
    title = "{Galilean covariant Lagrangian models}",
    doi = "10.1088/0305-4470/37/41/011",
    journal = "J. Phys. A",
    volume = "37",
    pages = "9771--9789",
    year = "2004"
}

@article{Yan:2021lbe,
    author = "Yan, Ziqi",
    title = "{Torsional Deformation of Nonrelativistic String Theory}",
    eprint = "2106.10021",
    archivePrefix = "arXiv",
    primaryClass = "hep-th",
    month = "6",
    year = "2021"
}

@article{Lambert:2019jwi,
    author = "Lambert, Neil and Lipstein, Arthur and Richmond, Paul",
    title = "{Non-Lorentzian M5-brane Theories from Holography}",
    eprint = "1904.07547",
    archivePrefix = "arXiv",
    primaryClass = "hep-th",
    doi = "10.1007/JHEP08(2019)060",
    journal = "JHEP",
    volume = "08",
    pages = "060",
    year = "2019"
}

@article{Chapman:2020vtn,
    author = "Chapman, Shira and Di Pietro, Lorenzo and Grosvenor, Kevin T. and Yan, Ziqi",
    title = "{Renormalization of Galilean Electrodynamics}",
    eprint = "2007.03033",
    archivePrefix = "arXiv",
    primaryClass = "hep-th",
    doi = "10.1007/JHEP10(2020)195",
    journal = "JHEP",
    volume = "10",
    pages = "195",
    year = "2020"
}

@article{Festuccia:2016caf,
    author = "Festuccia, Guido and Hansen, Dennis and Hartong, Jelle and Obers, Niels A.",
    title = "{Symmetries and Couplings of Non-Relativistic Electrodynamics}",
    eprint = "1607.01753",
    archivePrefix = "arXiv",
    primaryClass = "hep-th",
    doi = "10.1007/JHEP11(2016)037",
    journal = "JHEP",
    volume = "11",
    pages = "037",
    year = "2016"
}

@article{Brink:1976bc,
    author = "Brink, Lars and Schwarz, John H. and Scherk, Joel",
    title = "{Supersymmetric Yang-Mills Theories}",
    reportNumber = "CALT-68-574",
    doi = "10.1016/0550-3213(77)90328-5",
    journal = "Nucl. Phys. B",
    volume = "121",
    pages = "77--92",
    year = "1977"
}

@article{inpreparation,
 author = "Bergshoeff, E.A. and Lahnsteiner, J. and Romano, L. and {\c S}im{\c s}ek, C. and ter Veldhuis, T.",
    title = "{The NS-NS Branes of Non-relativistic String Theory, {\rm in preparation}}"
}


@article{Achucarro:1989dd,
    author = "Achucarro, A. and Kapusta, P. and Stelle, K.S.",
    title = "{Strings From Membranes: The Origin of Conformal Invariance}",
    reportNumber = "IMPERIAL/TP/88-89/31",
    doi = "10.1016/0370-2693(89)90747-8",
    journal = "Phys. Lett. B",
    volume = "232",
    pages = "302--306",
    year = "1989"
}



@article{Fontanella:2019avn,
    author = "Fontanella, Andrea and Ortín, Tomás",
    title = "{On the supersymmetric solutions of the Heterotic Superstring effective action}",
    eprint = "1910.08496",
    archivePrefix = "arXiv",
    primaryClass = "hep-th",
    reportNumber = "HU-EP-19/30 and IFT-UAM/CSIC-19-117",
    doi = "10.1007/JHEP06(2020)106",
    journal = "JHEP",
    volume = "06",
    pages = "106",
    year = "2020"
}


@article{Bergshoeff:1982av,
    author = "Bergshoeff, E. and de Roo, M.",
    title = "{The Supercurrent in Ten-dimensions}",
    reportNumber = "Print-82-0076 (LEIDEN)",
    doi = "10.1016/0370-2693(82)90904-2",
    journal = "Phys. Lett. B",
    volume = "112",
    pages = "53--58",
    year = "1982"
}

@book{frankel_2011,
    place={Cambridge},
    edition={3},
    title={The Geometry of Physics: An Introduction},
    DOI={10.1017/CBO9781139061377},
    publisher={Cambridge University Press},
    author={Frankel, Theodore},
    year={2011}
}




@article{Bergshoeff:1985gc,
    author = "Bergshoeff, E. and Sezgin, E. and Nishino, H.",
    editor = "Salam, A. and Sezgin, E.",
    title = "{Heterotic $\sigma$ Models and Conformal Supergravity in Two-dimensions}",
    reportNumber = "IC-85-215",
    doi = "10.1016/0370-2693(86)91365-1",
    journal = "Phys. Lett. B",
    volume = "166",
    pages = "141",
    year = "1986"
}



@article{Bergshoeff:1989qh,
    author = "Bergshoeff, E.A. and Kallosh, R.E. and Rakhmanov, Malik",
    title = "{Singlets of Fermionic Gauge Symmetries}",
    reportNumber = "CERN-TH-5335-89",
    doi = "10.1016/0370-2693(89)91621-3",
    journal = "Phys. Lett. B",
    volume = "223",
    pages = "391--398",
    year = "1989"
}



@article{Andringa:2013mma,
    author = "Andringa, Roel and Bergshoeff, Eric A. and Rosseel, Jan and Sezgin, Ergin",
    title = "{3D Newton--Cartan supergravity}",
    eprint = "1305.6737",
    archivePrefix = "arXiv",
    primaryClass = "hep-th",
    doi = "10.1088/0264-9381/30/20/205005",
    journal = "Class. Quant. Grav.",
    volume = "30",
    pages = "205005",
    year = "2013"
}




@article{Klebanov:2000pp,
    author = "Klebanov, Igor R. and Maldacena, Juan Martin",
    editor = "Duff, Michael J. and Liu, J.T. and Lu, J.",
    title = "{(1+1)-dimensional NCOS and its U(N) gauge theory dual}",
    eprint = "hep-th/0006085",
    archivePrefix = "arXiv",
    reportNumber = "PUPT-1938, HUTP-00-A023",
    doi = "10.1142/S0217751X01004001",
    journal = "Adv. Theor. Math. Phys.",
    volume = "4",
    pages = "283--302",
    year = "2000"
}




@article{Bergshoeff:2015sic,
    author = "Bergshoeff, Eric and Rosseel, Jan and Zojer, Thomas",
    title = "{Non-relativistic fields from arbitrary contracting backgrounds}",
    eprint = "1512.06064",
    archivePrefix = "arXiv",
    primaryClass = "hep-th",
    reportNumber = "UG-15-84",
    doi = "10.1088/0264-9381/33/17/175010",
    journal = "Class. Quant. Grav.",
    volume = "33",
    number = "17",
    pages = "175010",
    year = "2016"
}




@article{Christensen:2013lma,
    author = "Christensen, Morten H. and Hartong, Jelle and Obers, Niels A. and Rollier, Blaise",
    title = "{Torsional Newton-Cartan Geometry and Lifshitz Holography}",
    eprint = "1311.4794",
    archivePrefix = "arXiv",
    primaryClass = "hep-th",
    doi = "10.1103/PhysRevD.89.061901",
    journal = "Phys. Rev. D",
    volume = "89",
    pages = "061901",
    year = "2014"
}




@article{Bergshoeff:2017btm,
    author = "Bergshoeff, Eric and Gomis, Joaquim and Rollier, Blaise and Rosseel, Jan and ter Veldhuis, Tonnis",
    title = "{Carroll versus Galilei Gravity}",
    eprint = "1701.06156",
    archivePrefix = "arXiv",
    primaryClass = "hep-th",
    doi = "10.1007/JHEP03(2017)165",
    journal = "JHEP",
    volume = "03",
    pages = "165",
    year = "2017"
}



@article{VandenBleeken:2017rij,
    author = "Van den Bleeken, Dieter",
    title = "{Torsional Newton--Cartan gravity from the large c expansion of general relativity}",
    eprint = "1703.03459",
    archivePrefix = "arXiv",
    primaryClass = "gr-qc",
    doi = "10.1088/1361-6382/aa83d4",
    journal = "Class. Quant. Grav.",
    volume = "34",
    number = "18",
    pages = "185004",
    year = "2017"
}




@article{Bergshoeff:1981um,
    author = "Bergshoeff, E. and de Roo, M. and de Wit, B. and van Nieuwenhuizen, P.",
    title = "{Ten-Dimensional Maxwell-Einstein Supergravity, Its Currents, and the Issue of Its Auxiliary Fields}",
    reportNumber = "NIKHEF-H-81-25",
    doi = "10.1016/0550-3213(82)90050-5",
    journal = "Nucl. Phys. B",
    volume = "195",
    pages = "97--136",
    year = "1982"
}

@article{Chapline:1982ww,
    author = "Chapline, G.F. and Manton, N.S.",
    editor = "Salam, A. and Sezgin, E.",
    title = "{Unification of Yang-Mills Theory and Supergravity in Ten-Dimensions}",
    reportNumber = "NSF-ITP-82-85, UCID-19541",
    doi = "10.1016/0370-2693(83)90633-0",
    journal = "Phys. Lett. B",
    volume = "120",
    pages = "105--109",
    year = "1983"
}


@article{Gomis:2020fui,
    author = "Gomis, Jaume and Yan, Ziqi and Yu, Matthew",
    title = "{Nonrelativistic Open String and Yang-Mills Theory}",
    eprint = "2007.01886",
    archivePrefix = "arXiv",
    primaryClass = "hep-th",
    doi = "10.1007/JHEP03(2021)269",
    journal = "JHEP",
    volume = "03",
    pages = "269",
    year = "2021"
}




@article{Chamseddine:1980cp,
    author = "Chamseddine, Ali H.",
    title = "{N=4 Supergravity Coupled to N=4 Matter}",
    reportNumber = "CERN-TH-2940",
    doi = "10.1016/0550-3213(81)90326-6",
    journal = "Nucl. Phys. B",
    volume = "185",
    pages = "403",
    year = "1981"
}


@article{Gomis:2020izd,
    author = "Gomis, Jaume and Yan, Ziqi and Yu, Matthew",
    title = "{T-Duality in Nonrelativistic Open String Theory}",
    eprint = "2008.05493",
    archivePrefix = "arXiv",
    primaryClass = "hep-th",
    doi = "10.1007/JHEP02(2021)087",
    journal = "JHEP",
    volume = "02",
    pages = "087",
    year = "2021"
}


@article{Brugues:2004an,
    author = "Brugues, Jan and Curtright, Thomas and Gomis, Joaquim and Mezincescu, Luca",
    title = "{Non-relativistic strings and branes as non-linear realizations of Galilei groups}",
    eprint = "hep-th/0404175",
    archivePrefix = "arXiv",
    reportNumber = "UB-ECM-PF-04-07",
    doi = "10.1016/j.physletb.2004.05.024",
    journal = "Phys. Lett. B",
    volume = "594",
    pages = "227--233",
    year = "2004"
}

@article{Brugues:2006yd,
    author = "Brugues, Jan and Gomis, Joaquim and Kamimura, Kiyoshi",
    title = "{Newton-Hooke algebras, non-relativistic branes and generalized pp-wave metrics}",
    eprint = "hep-th/0603023",
    archivePrefix = "arXiv",
    reportNumber = "CECS-PHY-06-02, UB-ECM-PF-06-06, TOHO-CP-0579",
    doi = "10.1103/PhysRevD.73.085011",
    journal = "Phys. Rev. D",
    volume = "73",
    pages = "085011",
    year = "2006"
}








@article{Tseytlin:1996bh,
    author = "Tseytlin, Arkady A.",
    title = "{Harmonic superpositions of M-branes}",
    eprint = "hep-th/9604035",
    archivePrefix = "arXiv",
    reportNumber = "IMPERIAL-TP-95-96-38",
    doi = "10.1016/0550-3213(96)00328-8",
    journal = "Nucl. Phys. B",
    volume = "475",
    pages = "149--163",
    year = "1996"
}




@article{Bergshoeff:1997tt,
    author = "Bergshoeff, E. and de Roo, M. and Eyras, E. and Janssen, B. and van der Schaar, J.P.",
    title = "{Intersections involving monopoles and waves in eleven-dimensions}",
    eprint = "hep-th/9704120",
    archivePrefix = "arXiv",
    reportNumber = "UG-2-97",
    doi = "10.1088/0264-9381/14/10/005",
    journal = "Class. Quant. Grav.",
    volume = "14",
    pages = "2757--2769",
    year = "1997"
}




@article{Gomis:2000bd,
    author = "Gomis, Jaume and Ooguri, Hirosi",
    archivePrefix = "arXiv",
    doi = "10.1063/1.1372697",
    eprint = "hep-th/0009181",
    journal = "J.\ Math.\ Phys.",
    pages = "3127--3151",
    reportNumber = "CALT-68-2298, CITUSC-00-055",
    title = "{Nonrelativistic closed string theory}",
    volume = "42",
    year = "2001"
}

@article{Danielsson:2000gi,
    author = "Danielsson, Ulf H. and Guijosa, Alberto and Kruczenski, Martin",
    archivePrefix = "arXiv",
    doi = "10.1088/1126-6708/2000/10/020",
    eprint = "hep-th/0009182",
    journal = "JHEP",
    pages = "020",
    reportNumber = "UUITP-08-00, US-ITP-00-15",
    title = "{IIA/B, wound and wrapped}",
    volume = "10",
    year = "2000"
}

@article{Gomis:2005pg,
    author = "Gomis, Jaume and Gomis, Joaquim and Kamimura, Kiyoshi",
    archivePrefix = "arXiv",
    doi = "10.1088/1126-6708/2005/12/024",
    eprint = "hep-th/0507036",
    journal = "JHEP",
    pages = "024",
    reportNumber = "UB-ECM-PF-05-12, KUL-TF-05-15, TOHO-CP-0577",
    title = "{Non-relativistic superstrings: A New soluble sector of $AdS_5 \times S^5$}",
    volume = "12",
    year = "2005"
}

@book{Polchinski:1998rq,
    author = "Polchinski, J.",
    doi = "10.1017/CBO9780511816079",
    isbn = "978-0-511-25227-3, 978-0-521-67227-6, 978-0-521-63303-1",
    month = "12",
    publisher = "Cambridge University Press",
    series = "Cambridge Monographs on Mathematical Physics",
    title = "{String theory. Vol. 1: An introduction to the bosonic string}",
    year = "2007"
}

@article{Bergshoeff:2018yvt,
    author = "Bergshoeff, Eric and Gomis, Jaume and Yan, Ziqi",
    archivePrefix = "arXiv",
    doi = "10.1007/JHEP11(2018)133",
    eprint = "1806.06071",
    journal = "JHEP",
    pages = "133",
    primaryClass = "hep-th",
    title = "{Nonrelativistic String Theory and T-Duality}",
    volume = "11",
    year = "2018"
}

@article{Bergshoeff:2019pij,
    author = "Bergshoeff, Eric A. and Gomis, Jaume and Rosseel, Jan and \c{S}im\c{s}ek, Ceyda and Yan, Ziqi",
    archivePrefix = "arXiv",
    doi = "10.1088/1751-8121/ab56e9",
    eprint = "1907.10668",
    journal = "J.\ Phys.\ A",
    number = "1",
    pages = "014001",
    primaryClass = "hep-th",
    title = "{String Theory and String Newton-Cartan Geometry}",
    volume = "53",
    year = "2020"
}

@article{Harmark:2017rpg,
    author = "Harmark, Troels and Hartong, Jelle and Obers, Niels A.",
    archivePrefix = "arXiv",
    doi = "10.1103/PhysRevD.96.086019",
    eprint = "1705.03535",
    journal = "Phys.\ Rev.\ D",
    number = "8",
    pages = "086019",
    primaryClass = "hep-th",
    title = "{Nonrelativistic strings and limits of the AdS/CFT correspondence}",
    volume = "96",
    year = "2017"
}

@article{Kluson:2018egd,
    author = "Kluso\v{n}, J.",
    archivePrefix = "arXiv",
    doi = "10.1007/JHEP05(2018)041",
    eprint = "1803.07336",
    journal = "JHEP",
    pages = "041",
    primaryClass = "hep-th",
    title = "{Remark About Non-Relativistic String in Newton-Cartan Background and Null Reduction}",
    volume = "05",
    year = "2018"
}

@article{Harmark:2018cdl,
    author = "Harmark, Troels and Hartong, Jelle and Menculini, Lorenzo and Obers, Niels A. and Yan, Ziqi",
    archivePrefix = "arXiv",
    doi = "10.1007/JHEP11(2018)190",
    eprint = "1810.05560",
    journal = "JHEP",
    pages = "190",
    primaryClass = "hep-th",
    title = "{Strings with Non-Relativistic Conformal Symmetry and Limits of the AdS/CFT Correspondence}",
    volume = "11",
    year = "2018"
}

@article{Kluson:2018vfd,
    author = "Kluso\v{n}, J.",
    archivePrefix = "arXiv",
    doi = "10.1007/JHEP08(2019)074",
    eprint = "1811.12658",
    journal = "JHEP",
    pages = "074",
    primaryClass = "hep-th",
    title = "{Note About T-duality of Non-Relativistic String}",
    volume = "08",
    year = "2019"
}

@article{Kluson:2019ifd,
    author = "Kluso\v{n}, J.",
    archivePrefix = "arXiv",
    doi = "10.1007/JHEP04(2019)163",
    eprint = "1901.11292",
    journal = "JHEP",
    pages = "163",
    primaryClass = "hep-th",
    title = "{$(m,n)$-String and D1-Brane in Stringy Newton-Cartan Background}",
    volume = "04",
    year = "2019"
}

@article{Roychowdhury:2019qmp,
    author = "Roychowdhury, Dibakar",
    archivePrefix = "arXiv",
    doi = "10.1016/j.physletb.2019.06.031",
    eprint = "1903.05890",
    journal = "Phys.\ Lett.\ B",
    pages = "225--229",
    primaryClass = "hep-th",
    title = "{Probing tachyon kinks in Newton-Cartan background}",
    volume = "795",
    year = "2019"
}

@article{Harmark:2019upf,
    author = "Harmark, Troels and Hartong, Jelle and Menculini, Lorenzo and Obers, Niels A. and Oling, Gerben",
    archivePrefix = "arXiv",
    doi = "10.1007/JHEP11(2019)071",
    eprint = "1907.01663",
    journal = "JHEP",
    pages = "071",
    primaryClass = "hep-th",
    reportNumber = "NORDITA 2019-072",
    title = "{Relating non-relativistic string theories}",
    volume = "11",
    year = "2019"
}

@article{Andringa:2012uz,
    author = "Andringa, Roel and Bergshoeff, Eric and Gomis, Joaquim and de Roo, Mees",
    archivePrefix = "arXiv",
    doi = "10.1088/0264-9381/29/23/235020",
    eprint = "1206.5176",
    journal = "Class.\ Quant.\ Grav.",
    pages = "235020",
    primaryClass = "hep-th",
    reportNumber = "UG-12-01, ICCUB-12-307, UB-ECM-PF-12-75",
    title = "{`Stringy' Newton-Cartan Gravity}",
    volume = "29",
    year = "2012"
}

@article{Gomis:2019zyu,
    author = "Gomis, Jaume and Oh, Jihwan and Yan, Ziqi",
    archivePrefix = "arXiv",
    doi = "10.1007/JHEP10(2019)101",
    eprint = "1905.07315",
    journal = "JHEP",
    pages = "101",
    primaryClass = "hep-th",
    title = "{Nonrelativistic String Theory in Background Fields}",
    volume = "10",
    year = "2019"
}

@article{Yan:2019xsf,
    author = "Yan, Ziqi and Yu, Matthew",
    archivePrefix = "arXiv",
    doi = "10.1007/JHEP03(2020)181",
    eprint = "1912.03181",
    journal = "JHEP",
    pages = "181",
    primaryClass = "hep-th",
    title = "{Background Field Method for Nonlinear Sigma Models in Nonrelativistic String Theory}",
    volume = "03",
    year = "2020"
}

@article{Batlle:2016iel,
    author = "Batlle, Carles and Gomis, Joaquim and Not, Daniel",
    archivePrefix = "arXiv",
    doi = "10.1007/JHEP02(2017)049",
    eprint = "1611.00026",
    journal = "JHEP",
    pages = "049",
    primaryClass = "hep-th",
    reportNumber = "ICCUB-16-030",
    title = "{Extended Galilean symmetries of non-relativistic strings}",
    volume = "02",
    year = "2017"
}

@article{Duval:1984cj,
    author = "Duval, C. and Burdet, G. and K{\"u}nzle, H.P. and Perrin, M.",
    doi = "10.1103/PhysRevD.31.1841",
    journal = "Phys.\ Rev.\ D",
    pages = "1841--1853",
    reportNumber = "CPT-84-P-1613",
    title = "{Bargmann Structures and Newton-cartan Theory}",
    volume = "31",
    year = "1985"
}

@article{Julia:1994bs,
    author = "Julia, B. and Nicolai, H.",
    archivePrefix = "arXiv",
    doi = "10.1016/0550-3213(94)00584-2",
    eprint = "hep-th/9412002",
    journal = "Nucl.\ Phys.\ B",
    pages = "291--326",
    reportNumber = "LPTENS-94-21, DESY-94-156",
    title = "{Null Killing vector dimensional reduction and Galilean geometrodynamics}",
    volume = "439",
    year = "1995"
}

@article{Gallegos:2019icg,
    author = {Gallegos, A. D. and G\"ursoy, U. and Zinnato, N.},
    title = "{Torsional Newton Cartan gravity from non-relativistic strings}",
    eprint = "1906.01607",
    archivePrefix = "arXiv",
    primaryClass = "hep-th",
    doi = "10.1007/JHEP09(2020)172",
    journal = "JHEP",
    volume = "09",
    pages = "172",
    year = "2020"
}



@article{Buscher:1987sk,
    author = "Buscher, T.H.",
    doi = "10.1016/0370-2693(87)90769-6",
    journal = "Phys.\ Lett.\ B",
    pages = "59--62",
    reportNumber = "ITP-SB-87-21",
    title = "{A Symmetry of the String Background Field Equations}",
    volume = "194",
    year = "1987"
}

@article{Buscher:1987qj,
    author = "Buscher, T.H.",
    doi = "10.1016/0370-2693(88)90602-8",
    journal = "Phys.\ Lett.\ B",
    pages = "466--472",
    reportNumber = "ITP-SB-87-61",
    title = "{Path Integral Derivation of Quantum Duality in Nonlinear Sigma Models}",
    volume = "201",
    year = "1988"
}

@article{Bergshoeff:1996ui,
    author = "Bergshoeff, E. and de Roo, M. and Green, Michael B. and Papadopoulos, G. and Townsend, P.K.",
    archivePrefix = "arXiv",
    doi = "10.1016/0550-3213(96)00171-X",
    eprint = "hep-th/9601150",
    journal = "Nucl.\ Phys.\ B",
    pages = "113--135",
    reportNumber = "DAMTP-R-95-55-REV, UG-15-95",
    title = "{Duality of type II 7 branes and 8 branes}",
    volume = "470",
    year = "1996"
}

@article{Bergshoeff:1995as,
    author = "Bergshoeff, Eric and Hull, Christopher M. and Ort{\'i}n, Tom{\'a}s",
    archivePrefix = "arXiv",
    doi = "10.1016/0550-3213(95)00367-2",
    eprint = "hep-th/9504081",
    journal = "Nucl.\ Phys.\ B",
    pages = "547--578",
    reportNumber = "UG-3-95, QMW-PH-95-4",
    title = "{Duality in the type II superstring effective action}",
    volume = "451",
    year = "1995"
}

@article{Dai:1989ua,
    author = "Dai, Jin and Leigh, R.G. and Polchinski, Joseph",
    doi = "10.1142/S0217732389002331",
    journal = "Mod.\ Phys.\ Lett.\ A",
    pages = "2073--2083",
    reportNumber = "UTTG-12-89",
    title = "{New Connections Between String Theories}",
    volume = "4",
    year = "1989"
}

@article{Dine:1989vu,
    author = "Dine, Michael and Huet, Patrick Y. and Seiberg, N.",
    doi = "10.1016/0550-3213(89)90418-5",
    journal = "Nucl.\ Phys.\ B",
    pages = "301--316",
    reportNumber = "IASSNS-HEP-88/54, CCNY-HEP-88/20",
    title = "{Large and Small Radius in String Theory}",
    volume = "322",
    year = "1989"
}

@article{Bergshoeff:2017dqq,
    author = "Bergshoeff, Eric and Chatzistavrakidis, Athanasios and Romano, Luca and Rosseel, Jan",
    archivePrefix = "arXiv",
    doi = "10.1007/JHEP10(2017)194",
    eprint = "1708.05414",
    journal = "JHEP",
    pages = "194",
    primaryClass = "hep-th",
    title = "{Newton-Cartan Gravity and Torsion}",
    volume = "10",
    year = "2017"
}

@article{Gomis:2004ht,
    author = "Gomis, Joaquim and Passerini, Filippo",
    archivePrefix = "arXiv",
    doi = "10.1016/j.physletb.2005.04.061",
    eprint = "hep-th/0411195",
    journal = "Phys.\ Lett.\ B",
    pages = "182--192",
    reportNumber = "UB-ECM-PF-04-29, KUL-TF-04-31",
    title = "{Rotating solutions of non-relativistic string theory}",
    volume = "617",
    year = "2005"
}

@article{Callan:1991dj,
    author = "Callan, Curtis G., Jr. and Harvey, Jeffrey A. and Strominger, Andrew",
    doi = "10.1016/0550-3213(91)90074-8",
    journal = "Nucl.\ Phys.\ B",
    pages = "611--634",
    reportNumber = "PUPT-1233, EFI-91-03, UCSB-TH-91-74",
    title = "{World sheet approach to heterotic instantons and solitons}",
    volume = "359",
    year = "1991"
}

@article{Callan:1991at,
    author = "Callan, Curtis G., Jr. and Harvey, Jeffrey A. and Strominger, Andrew",
    archivePrefix = "arXiv",
    eprint = "hep-th/9112030",
    month = "11",
    reportNumber = "EFI-91-66",
    title = "{Supersymmetric string solitons}",
    year = "1991"
}

@article{Gross:1983hb,
    author = "Gross, David J. and Perry, Malcolm J.",
    doi = "10.1016/0550-3213(83)90462-5",
    journal = "Nucl.\ Phys.\ B",
    pages = "29--48",
    reportNumber = "PRINT-83-0305 (PRINCETON)",
    title = "{Magnetic Monopoles in Kaluza-Klein Theories}",
    volume = "226",
    year = "1983"
}

@article{Sorkin:1983ns,
    author = "Sorkin, R.d.",
    doi = "10.1103/PhysRevLett.51.87",
    journal = "Phys.\ Rev.\ Lett.",
    pages = "87--90",
    title = "{Kaluza-Klein Monopole}",
    volume = "51",
    year = "1983"
}

@article{Townsend:1997wg,
    author = "Townsend, P.K.",
    archivePrefix = "arXiv",
    eprint = "hep-th/9712004",
    journal = "NATO Sci.\ Ser.\ C",
    pages = "141--177",
    title = "{M theory from its superalgebra}",
    volume = "520",
    year = "1999"
}

@article{Bergshoeff:2010mv,
    author = "Bergshoeff, E.A. and Hartong, J. and Howe, P.S. and Ort{\'i}n, T. and Riccioni, F.",
    archivePrefix = "arXiv",
    doi = "10.1007/JHEP05(2010)061",
    eprint = "1004.1348",
    journal = "JHEP",
    pages = "061",
    primaryClass = "hep-th",
    reportNumber = "UG-10-21, IFT-UAM-CSIC-10-17, KCL-MTH-10-03",
    title = "{IIA/IIB Supergravity and Ten-forms}",
    volume = "05",
    year = "2010"
}

@article{Gomis:2004pw,
    author = "Gomis, Joaquim and Kamimura, Kiyoshi and Townsend, Paul K.",
    archivePrefix = "arXiv",
    doi = "10.1088/1126-6708/2004/11/051",
    eprint = "hep-th/0409219",
    journal = "JHEP",
    pages = "051",
    reportNumber = "UB-ECM-PF-04-26, TOHO-CP-0476, DAMTP-2004-94",
    title = "{Non-relativistic superbranes}",
    volume = "11",
    year = "2004"
}

@article{Ko:2015rha,
    author = "Ko, Sung Moon and Melby-Thompson, Charles and Meyer, Rene and Park, Jeong-Hyuck",
    archivePrefix = "arXiv",
    doi = "10.1007/JHEP12(2015)144",
    eprint = "1508.01121",
    journal = "JHEP",
    pages = "144",
    primaryClass = "hep-th",
    reportNumber = "IPMU15-0123",
    title = "{Dynamics of Perturbations in Double Field Theory \& Non-Relativistic String Theory}",
    volume = "12",
    year = "2015"
}

@article{Morand:2017fnv,
    author = "Morand, Kevin and Park, Jeong-Hyuck",
    archivePrefix = "arXiv",
    doi = "10.1140/epjc/s10052-017-5257-z",
    eprint = "1707.03713",
    journal = "Eur.\ Phys.\ J.\ C",
    note = "[Erratum: Eur.Phys.J.C 78, 901 (2018)]",
    number = "10",
    pages = "685",
    primaryClass = "hep-th",
    title = "{Classification of non-Riemannian doubled-yet-gauged spacetime}",
    volume = "77",
    year = "2017"
}

@article{Blair:2019qwi,
    author = "Blair, Chris D.A.",
    archivePrefix = "arXiv",
    doi = "10.1007/JHEP10(2019)266",
    eprint = "1908.00074",
    journal = "JHEP",
    pages = "266",
    primaryClass = "hep-th",
    title = "{A worldsheet supersymmetric Newton-Cartan string}",
    volume = "10",
    year = "2019"
}

@article{Blair:2020ops,
    author = "Blair, Chris D.A.",
    archivePrefix = "arXiv",
    eprint = "2002.12413",
    month = "2",
    primaryClass = "hep-th",
    title = "{Non-relativistic duality and $T \bar T$ deformations}",
    year = "2020"
}

@misc{future,
    author = "{Work in preparation}"
}


@article{Bergshoeff:2021bmc,
    author = "Bergshoeff, E. A. and Lahnsteiner, J. and Romano, L. and Rosseel, J. and \c{S}im\c{s}ek, C.",
    title = "{A non-relativistic limit of NS-NS gravity}",
    eprint = "2102.06974",
    archivePrefix = "arXiv",
    primaryClass = "hep-th",
    doi = "10.1007/JHEP06(2021)021",
    journal = "JHEP",
    volume = "06",
    pages = "021",
    year = "2021"
}



@article{Gallegos:2020egk,
    author = {Gallegos, A. D. and G\"ursoy, U. and Verma, S. and Zinnato, N.},
    title = "{Non-Riemannian gravity actions from double field theory}",
    eprint = "2012.07765",
    archivePrefix = "arXiv",
    primaryClass = "hep-th",
    doi = "10.1007/JHEP06(2021)173",
    journal = "JHEP",
    volume = "06",
    pages = "173",
    year = "2021"
}


@article{Blair:2020gng,
    author = "Blair, Chris D. A. and Oling, Gerben and Park, Jeong-Hyuck",
    title = "{Non-Riemannian isometries from double field theory}",
    eprint = "2012.07766",
    archivePrefix = "arXiv",
    primaryClass = "hep-th",
    reportNumber = "YITP-20-165",
    doi = "10.1007/JHEP04(2021)072",
    journal = "JHEP",
    volume = "04",
    pages = "072",
    year = "2021"
}




@article{Cho:2019ofr,
    author = "Cho, Kyoungho and Park, Jeong-Hyuck",
    title = "{Remarks on the non-Riemannian sector in Double Field Theory}",
    eprint = "1909.10711",
    archivePrefix = "arXiv",
    primaryClass = "hep-th",
    doi = "10.1140/epjc/s10052-020-7648-9",
    journal = "Eur. Phys. J. C",
    volume = "80",
    number = "2",
    pages = "101",
    year = "2020"
}

@article{Park:2020ixf,
    author = "Park, Jeong-Hyuck and Sugimoto, Shigeki",
    title = "{String Theory and non-Riemannian Geometry}",
    eprint = "2008.03084",
    archivePrefix = "arXiv",
    primaryClass = "hep-th",
    reportNumber = "YITP-20-037",
    doi = "10.1103/PhysRevLett.125.211601",
    journal = "Phys. Rev. Lett.",
    volume = "125",
    number = "21",
    pages = "211601",
    year = "2020"
}
